<record><leader>00000cas a22000007a 4500</leader><controlfield tag="001">27151625</controlfield><controlfield tag="008">921219d19491952okuwr ne      0    0eng d</controlfield><datafield ind1=" " ind2=" " tag="010"><subfield code="a">sn 92072437 </subfield></datafield><datafield ind1=" " ind2=" " tag="040"><subfield code="a">OBN</subfield><subfield code="b">eng</subfield><subfield code="c">OBN</subfield><subfield code="d">OCL</subfield><subfield code="d">OCLCQ</subfield><subfield code="d">OCLCO</subfield></datafield><datafield ind1="1" ind2=" " tag="029"><subfield code="a">AU@</subfield><subfield code="b">000020722001</subfield></datafield><datafield ind1=" " ind2=" " tag="042"><subfield code="a">msc</subfield></datafield><datafield ind1=" " ind2=" " tag="043"><subfield code="a">n-us-ok</subfield></datafield><datafield ind1="0" ind2=" " tag="130"><subfield code="a">County progress (Britton, Okla.)</subfield></datafield><datafield ind1="1" ind2="4" tag="245"><subfield code="a">The County progress.</subfield></datafield><datafield ind1="3" ind2=" " tag="246"><subfield code="a">Britton progress</subfield></datafield><datafield ind1=" " ind2=" " tag="260"><subfield code="a">Britton, Okla. :</subfield><subfield code="b">J.H. McKiddy</subfield></datafield><datafield ind1=" " ind2=" " tag="300"><subfield code="a">v.</subfield></datafield><datafield ind1=" " ind2=" " tag="310"><subfield code="a">Weekly</subfield></datafield><datafield ind1="0" ind2=" " tag="362"><subfield code="a">Vol. 34, no. 20 (Dec. 8, 1949)-v. 37, no. 11 (Oct. 2, 1952).</subfield></datafield><datafield ind1=" " ind2="0" tag="651"><subfield code="a">Oklahoma City (Okla.)</subfield><subfield code="v">Newspapers.</subfield></datafield><datafield ind1=" " ind2="0" tag="651"><subfield code="a">Britton (Okla.)</subfield><subfield code="v">Newspapers.</subfield></datafield><datafield ind1=" " ind2="0" tag="651"><subfield code="a">Oklahoma County (Okla.)</subfield><subfield code="v">Newspapers.</subfield></datafield><datafield ind1=" " ind2=" " tag="752"><subfield code="a">United States</subfield><subfield code="b">Oklahoma</subfield><subfield code="c">Oklahoma</subfield><subfield code="d">Oklahoma City.</subfield></datafield><datafield ind1=" " ind2=" " tag="752"><subfield code="a">United States</subfield><subfield code="b">Oklahoma</subfield><subfield code="c">Oklahoma</subfield><subfield code="d">Britton.</subfield></datafield><datafield ind1="0" ind2="0" tag="780"><subfield code="t">Britton progress (Britton, Okla. : 1948)</subfield><subfield code="w">(DLC)sn 92072435</subfield><subfield code="w">(OCoLC)27151648</subfield></datafield><datafield ind1="0" ind2="0" tag="785"><subfield code="t">North star (Oklahoma City, Okla. : 1952)</subfield><subfield code="w">(DLC)sn 83025070</subfield><subfield code="w">(OCoLC)27062889</subfield></datafield></record>